@article{sutton2018reinforcement,
  title={Reinforcement learning: An introduction},
  author={Sutton, Richard S and Barto, Andrew G},
  journal={MIT press},
  year={2018}
}

@article{mnih2015human,
  title={Human-level control through deep reinforcement learning},
  author={Mnih, Volodymyr and Kavukcuoglu, Koray and Silver, David and others},
  journal={Nature},
  volume={518},
  number={7540},
  pages={529--533},
  year={2015},
  publisher={Nature Publishing Group}
}

@article{markowitz1952portfolio,
  title={Portfolio selection},
  author={Markowitz, Harry},
  journal={The journal of finance},
  volume={7},
  number={1},
  pages={77--91},
  year={1952},
  publisher={Wiley Online Library}
}

@article{black1990asset,
  title={Asset allocation: combining investor views with market equilibrium},
  author={Black, Fischer and Litterman, Robert},
  journal={The Journal of Fixed Income},
  volume={1},
  number={2},
  pages={7--18},
  year={1990},
  publisher={Institutional Investor Journals Umbrella}
}

@article{bollerslev1986generalized,
  title={Generalized autoregressive conditional heteroskedasticity},
  author={Bollerslev, Tim},
  journal={Journal of econometrics},
  volume={31},
  number={3},
  pages={307--327},
  year={1986},
  publisher={Elsevier}
}

@article{heston1993closed,
  title={A closed-form solution for options with stochastic volatility with applications to bond and currency options},
  author={Heston, Steven L},
  journal={The review of financial studies},
  volume={6},
  number={2},
  pages={327--343},
  year={1993},
  publisher={Oxford University Press}
}

@article{kelly1956new,
  title={A new interpretation of information rate},
  author={Kelly Jr, John L},
  journal={The Bell System Technical Journal},
  volume={35},
  number={4},
  pages={917--926},
  year={1956},
  publisher={Nokia Bell Labs}
}

@book{chan2013algorithmic,
  title={Algorithmic trading: winning strategies and their rationale},
  author={Chan, Ernest P},
  year={2013},
  publisher={John Wiley \& Sons}
}

@article{sharpe1994sharpe,
  title={The sharpe ratio},
  author={Sharpe, William F},
  journal={Journal of portfolio management},
  volume={21},
  number={1},
  pages={49--58},
  year={1994},
  publisher={Institutional Investor Journals Umbrella}
}